<?xml version="1.0" encoding="utf-8"?>
<record xmlns="http://www.loc.gov/MARC21/slim" xmlns:xsi="http://www.w3.org/2001/XMLSchema-instance" xsi:schemaLocation="http://www.loc.gov/MARC21/slim http://www.loc.gov/standards/marcxml/schema/MARC21slim.xsd">
	<leader>     nam a22        4500</leader>
	<controlfield tag="001">b12485767</controlfield>
	<controlfield tag="003">LeBAU</controlfield>
	<controlfield tag="006">m        d        </controlfield>
	<controlfield tag="007">cr cn |||m|||a</controlfield>
	<controlfield tag="008">180126m19271930le a    o     ||0 0 ara d</controlfield>
	<datafield ind1=" " ind2=" " tag="040">
		<subfield code="a">NNU</subfield>
		<subfield code="b">ara</subfield>
		<subfield code="e">rda</subfield>
		<subfield code="c">NNU</subfield>
	</datafield>
	<datafield ind1="1" ind2=" " tag="041">
		<subfield code="a">ara</subfield>
		<subfield code="h">eng</subfield>
	</datafield>
	<datafield ind1="0" ind2="4" tag="082">
		<subfield code="a">500</subfield>
		<subfield code="2">22</subfield>
	</datafield>
	<datafield ind1="1" ind2=" " tag="100">
		<subfield code="6">880-01</subfield>
		<subfield code="a">Day, Alfred Ely,</subfield>
		<subfield code="e">author.</subfield>
	</datafield>
	<datafield ind1="1" ind2="0" tag="245">
		<subfield code="6">880-02</subfield>
		<subfield code="a">Mamālik al-ṭabīʻah /</subfield>
		<subfield code="c">li-ṣāḥibayhi Alfrid Dāy, US. ‘U, ustādh al-‘ulūm al-ṭabī‘īyah ; Anīs al-Khūrī al-Maqdisī US. ‘A, ustādh al-ādāb al-‘Arabīyah, al-Jāmi‘ah al-Amīrikīyah fī Bayrūt.</subfield>
	</datafield>
	<datafield ind1=" " ind2="1" tag="264">
		<subfield code="6">880-03</subfield>
		<subfield code="a">Bayrūt :</subfield>
		<subfield code="b">al-Maṭbaʻah al-Amīrikīyah,</subfield>
		<subfield code="c">1927-1930.</subfield>
	</datafield>
	<datafield ind1=" " ind2=" " tag="300">
		<subfield code="6">880-04</subfield>
		<subfield code="a">online resource (3 volumes) :</subfield>
		<subfield code="b">illustrations</subfield>
	</datafield>
	<datafield ind1=" " ind2=" " tag="336">
		<subfield code="a">text</subfield>
		<subfield code="2">rdacontent</subfield>
	</datafield>
	<datafield ind1=" " ind2=" " tag="337">
		<subfield code="a">computer</subfield>
		<subfield code="2">rdamedia</subfield>
	</datafield>
	<datafield ind1=" " ind2=" " tag="338">
		<subfield code="a">online resource</subfield>
		<subfield code="2">rdacarrier</subfield>
	</datafield>
	<datafield ind1=" " ind2=" " tag="500">
		<subfield code="a">مترجم عن الإنجليزية.</subfield>
	</datafield>
	<datafield ind1=" " ind2=" " tag="500">
		<subfield code="a">Part of the Arabic Collections Online (ACO) project, contributed by American University of Beirut's Jafet Memorial Library.</subfield>
	</datafield>
	<datafield ind1="0" ind2="0" tag="505">
		<subfield code="t">ممالك الطبيعة:</subfield>
		<subfield code="g">الكتاب الأول.</subfield>
		<subfield code="t">في مملكة الحيوان --</subfield>
		<subfield code="g">الكتاب الثاني.</subfield>
		<subfield code="t">في مملكة النبات --</subfield>
		<subfield code="g">الكتاب الثالث.</subfield>
		<subfield code="t">في الجيولوجيا.</subfield>
	</datafield>
	<datafield ind1=" " ind2=" " tag="533">
		<subfield code="a">Electronic reproduction.</subfield>
		<subfield code="b">New York, N.Y. :</subfield>
		<subfield code="c">New York University,</subfield>
		<subfield code="d">2018.</subfield>
		<subfield code="5">NNU</subfield>
	</datafield>
	<datafield ind1=" " ind2=" " tag="590">
		<subfield code="a">في المكتبة، نسخة يافث: الجزء 2.</subfield>
	</datafield>
	<datafield ind1=" " ind2="4" tag="650">
		<subfield code="a">الحيوانات.</subfield>
	</datafield>
	<datafield ind1=" " ind2="4" tag="650">
		<subfield code="a">علم النبات.</subfield>
	</datafield>
	<datafield ind1=" " ind2="4" tag="650">
		<subfield code="a">الجيولوجيا.</subfield>
	</datafield>
	<datafield ind1=" " ind2="0" tag="650">
		<subfield code="a">Animals.</subfield>
	</datafield>
	<datafield ind1=" " ind2="0" tag="650">
		<subfield code="a">Botany.</subfield>
	</datafield>
	<datafield ind1=" " ind2="0" tag="650">
		<subfield code="a">Geology.</subfield>
	</datafield>
	<datafield ind1="1" ind2=" " tag="700">
		<subfield code="6">880-05</subfield>
		<subfield code="a">Maqdisī, Anīs,</subfield>
		<subfield code="e">translator.</subfield>
	</datafield>
	<datafield ind1="2" ind2=" " tag="710">
		<subfield code="a">Jafet Memorial Library.</subfield>
	</datafield>
	<datafield ind1="0" ind2=" " tag="730">
		<subfield code="a">Arabic Collections Online.</subfield>
	</datafield>
	<datafield ind1="0" ind2=" " tag="775">
		<subfield code="6">880-06</subfield>
		<subfield code="t">Mamālik al-ṭabīʻah.</subfield>
		<subfield code="b">al-Ṭab‘ah al-thānīyah</subfield>
		<subfield code="d">Bayrūt : al-Maṭbaʻah al-Amīrikīyah, 1947</subfield>
		<subfield code="w">b19208650</subfield>
	</datafield>
	<datafield ind1="0" ind2="8" tag="776">
		<subfield code="i">Print version:</subfield>
		<subfield code="a">Day, Alfred Ely, author.</subfield>
		<subfield code="t">Mamālik al-ṭabīʻah</subfield>
		<subfield code="w">(LeBAU)b12485767</subfield>
	</datafield>
	<datafield ind1="4" ind2="0" tag="856">
		<subfield code="u">http://hdl.handle.net/2333.1/1jwstwz8</subfield>
	</datafield>
	<datafield ind1="1" ind2=" " tag="880">
		<subfield code="6">100-01/(3/r</subfield>
		<subfield code="a">داي، ألفرد،</subfield>
		<subfield code="e">مؤلف. </subfield>
		<subfield code="4">aut.</subfield>
	</datafield>
	<datafield ind1="1" ind2="0" tag="880">
		<subfield code="6">245-02/(3/r</subfield>
		<subfield code="a">ممالك الطبيعة /</subfield>
		<subfield code="c">لصاحبيه ألفرد داي اس. ع، أستاذ العلوم الطبيعية ؛ انيس الخوري المقدسي اس. ع، استاذ الآداب العربية، الجامعة الأميركية في بيروت.</subfield>
	</datafield>
	<datafield ind1=" " ind2="1" tag="880">
		<subfield code="6">264-03/(3/r</subfield>
		<subfield code="a">بيروت :</subfield>
		<subfield code="b">المطبعة الأميركية،</subfield>
		<subfield code="c">1927-1930.</subfield>
	</datafield>
	<datafield ind1=" " ind2=" " tag="880">
		<subfield code="6">300-04/(3/r</subfield>
		<subfield code="a">3 كتب :</subfield>
		<subfield code="b">مصورات ؛</subfield>
		<subfield code="c">20 سم</subfield>
	</datafield>
	<datafield ind1="1" ind2=" " tag="880">
		<subfield code="6">700-05/(3/r</subfield>
		<subfield code="a">المقدسي، أنيس،</subfield>
		<subfield code="e">مترجم. </subfield>
		<subfield code="4">trl.</subfield>
	</datafield>
	<datafield ind1="0" ind2=" " tag="880">
		<subfield code="6">775-06/(3/r</subfield>
		<subfield code="t">ممالك الطبيعة.</subfield>
		<subfield code="b">الطبعة الثانية</subfield>
		<subfield code="d">بيروت : المطبعة الأميركية، 1947</subfield>
		<subfield code="w">b19208650</subfield>
	</datafield>
	<datafield ind1=" " ind2=" " tag="959">
		<subfield code="a">NNU</subfield>
		<subfield code="b">WEB</subfield>
		<subfield code="c">GENI</subfield>
		<subfield code="t">0</subfield>
		<subfield code="m">Electronic access</subfield>
		<subfield code="s">01</subfield>
	</datafield>
	<datafield ind1=" " ind2=" " tag="999">
		<subfield code="i">LeBAU_b12485767</subfield>
		<subfield code="s">aub_aco001533:v.1</subfield>
		<subfield code="s">aub_aco001534:v.2</subfield>
		<subfield code="s">aub_aco001535:v.3</subfield>
		<subfield code="e">(ERROR-MISC)</subfield>
	</datafield>
</record>
